% Encoding: UTF-8

@Article{asimov59.01,
  author  = {Isaac Asimov},
  title   = {The Last Question},
  journal = {Science Fiction Quarterly},
  year    = {1959},
  month   = {November},
}
